

@phdthesis{XochicalePhDThesis2018,
	author = {{Xochicale}, Miguel},
	day = {26},
    	month = {10},
    	Year = {2018},
    	school = {University of Birmingham},
  	address = {United Kingdom},
    	Title = {Nonlinear Analyses to Quantify Movement Variability in Human-Humanoid Interaction},
  	type = {{PhD} dissertation as submitted},
	doi = {10.5281/zenodo.1473140},
        url = {https://doi.org/10.5281/zenodo.1473140}
}



@ARTICLE{2018arXiv181009249X,
       author = {{Xochicale}, Miguel and {Baber}, Chirs},
        title = "{Strengths and Weaknesses of Recurrent Quantification Analysis in the
        context of Human-Humanoid Interaction}",
      journal = {arXiv e-prints},
     keywords = {Electrical Engineering and Systems Science - Signal Processing},
         year = 2018,
        month = Oct,
          eid = {arXiv:1810.09249},
        pages = {arXiv:1810.09249},
archivePrefix = {arXiv},
       eprint = {1810.09249},
 primaryClass = {eess.SP},
       adsurl = {https://ui.adsabs.harvard.edu/#abs/2018arXiv181009249X},
      adsnote = {Provided by the SAO/NASA Astrophysics Data System}
}



@article{marwan2007,
author = "Norbert Marwan and M. Carmen Romano and Marco Thiel and JÃ¼rgen Kurths",
title = "Recurrence plots for the analysis of complex systems",
journal = "Physics Reports",
volume = "438",
number = "5",
pages = "237 - 329",
year = "2007",
issn = "0370-1573",
doi = "https://doi.org/10.1016/j.physrep.2006.11.001",
url = "http://www.sciencedirect.com/science/article/pii/S0370157306004066",
keywords = "Data analysis, Recurrence plot, Nonlinear dynamics",
}


@INPROCEEDINGS{baltrusaitis2018,
author = {T. Baltrusaitis and A. Zadeh and Y. C. Lim and L. Morency},
booktitle = {2018 13th IEEE International Conference on Automatic Face and  Gesture Recognition (FG 2018)(FG)},
title = {OpenFace 2.0: Facial Behavior Analysis Toolkit},
year = {2018},
volume = {00},
number = {},
pages = {59-66},
keywords={Tools;Face;Training;Magnetic heads;Estimation;Real-time systems},
doi = {10.1109/FG.2018.00019},
url = {doi.ieeecomputersociety.org/10.1109/FG.2018.00019},
ISSN = {},
month={May}
}



